@article{tetlock07,
    author  = "Paul C. Tetlock",
    title   = "Giving {{C}}ontent to {{I}}nvestor {{S}}entiment: {{T}}he {{R}}ole of {{M}}edia in the {{S}}tock {{M}}arket",
    year    = "2007",
    journal = "Journal of Finance",
    number  = "62",
    pages   = "1139--1168"
}

@misc{ahmad11,
    author  = "Khurshid Ahmad and Nichlas Daly and Vanessa Liston",
    title   = "What is new? {{N}}ews media, {{G}}eneral {{E}}lections, {{S}}entiment, and named entities",
    year    = "2011"
}

@masterthesis{kazmierczak08,
	author  = "St√©phane Kazmierczak",
	year    = "2008",
	title   = "",
	school  = "Trinity College Dublin"
}

@InProceedings{pak10,
  author = {Alexander Pak and Patrick Paroubek},
  title = {Twitter as a Corpus for Sentiment Analysis and Opinion Mining},
  booktitle = {Proceedings of the Seventh International Conference on Language Resources and Evaluation (LREC'10)},
  year = {2010},
  month = {may},
  date = {19-21},
  address = {Valletta, Malta},
  editor = {Nicoletta Calzolari (Conference Chair) and Khalid Choukri and Bente Maegaard and Joseph Mariani and Jan Odijk and Stelios Piperidis and Mike Rosner and Daniel Tapias},
  publisher = {European Language Resources Association (ELRA)},
  isbn = {2-9517408-6-7},
  language = {english}
 } 